@article{Belyaev:1998ax,
      author         = "Belyaev, A.S. and Shapiro, I.L.",
      title          = "{Torsion action and its possible observables}",
      journal        = "Nucl.Phys.",
      volume         = "B543",
      pages          = "20-46",
      doi            = "10.1016/S0550-3213(98)00735-4",
      year           = "1999",
      eprint         = "hep-ph/9806313",
      archivePrefix  = "arXiv",
      primaryClass   = "hep-ph",
      reportNumber   = "IFT-P-031-98",
      SLACcitation   = "%%CITATION = HEP-PH/9806313;%%",
}

@article{Hehl:1976kj,
      author         = "Hehl, F.W. and Von Der Heyde, P. and Kerlick, G.D. and
                        Nester, J.M.",
      title          = "{General Relativity with Spin and Torsion: Foundations
                        and Prospects}",
      journal        = "Rev.Mod.Phys.",
      volume         = "48",
      pages          = "393-416",
      doi            = "10.1103/RevModPhys.48.393",
      year           = "1976",
      SLACcitation   = "%%CITATION = RMPHA,48,393;%%",
}

@article{Utiyama:1956sy,
      author         = "Utiyama, Ryoyu",
      title          = "{Invariant theoretical interpretation of interaction}",
      journal        = "Phys.Rev.",
      volume         = "101",
      pages          = "1597-1607",
      doi            = "10.1103/PhysRev.101.1597",
      year           = "1956",
      SLACcitation   = "%%CITATION = PHRVA,101,1597;%%",
}

@article{Sciama:1964wt,
      author         = "Sciama, Dennis W.",
      title          = "{The Physical structure of general relativity}",
      journal        = "Rev.Mod.Phys.",
      volume         = "36",
      pages          = "463-469",
      doi            = "10.1103/RevModPhys.36.1103",
      year           = "1964",
      SLACcitation   = "%%CITATION = RMPHA,36,463;%%",
}

@article{GonzalezGarcia:1998ay,
      author         = "Gonzalez-Garcia, M.C. and Gusso, A. and Novaes, S.F.",
      title          = "{Constraints on four fermion contact interactions from
                        precise electroweak measurements}",
      journal        = "J.Phys.",
      volume         = "G24",
      pages          = "2213-2221",
      doi            = "10.1088/0954-3899/24/12/005",
      year           = "1998",
      eprint         = "hep-ph/9802254",
      archivePrefix  = "arXiv",
      primaryClass   = "hep-ph",
      reportNumber   = "IFT-P-011-98, FTUV-97-60, IFIC-97-90",
      SLACcitation   = "%%CITATION = HEP-PH/9802254;%%",
}

@article{Randall:1999ee,
      author         = "Randall, Lisa and Sundrum, Raman",
      title          = "{A Large mass hierarchy from a small extra dimension}",
      journal        = "Phys.Rev.Lett.",
      volume         = "83",
      pages          = "3370-3373",
      doi            = "10.1103/PhysRevLett.83.3370",
      year           = "1999",
      eprint         = "hep-ph/9905221",
      archivePrefix  = "arXiv",
      primaryClass   = "hep-ph",
      reportNumber   = "MIT-CTP-2860, PUPT-1860, BUHEP-99-9",
      SLACcitation   = "%%CITATION = HEP-PH/9905221;%%",
}

@article{Carroll:1994dq,
      author         = "Carroll, Sean M. and Field, George B.",
      title          = "{Consequences of propagating torsion in connection
                        dynamic theories of gravity}",
      journal        = "Phys.Rev.",
      volume         = "D50",
      pages          = "3867-3873",
      doi            = "10.1103/PhysRevD.50.3867",
      year           = "1994",
      eprint         = "gr-qc/9403058",
      archivePrefix  = "arXiv",
      primaryClass   = "gr-qc",
      reportNumber   = "MIT-CTP-2291",
      SLACcitation   = "%%CITATION = GR-QC/9403058;%%",
}

@article{Benn:1980ea,
      author         = "Benn, I.M. and Dereli, T. and Tucker, R.W.",
      title          = "{Gauge Field Interactions in Spaces With Arbitrary
                        Torsion}",
      journal        = "Phys.Lett.",
      volume         = "B96",
      pages          = "100",
      doi            = "10.1016/0370-2693(80)90221-X",
      year           = "1980",
      reportNumber   = "Print-80-0553 (LANCASTER)",
      SLACcitation   = "%%CITATION = PHLTA,B96,100;%%",
}

@article{Arcos:2005ec,
      author         = "Arcos, H.I. and Pereira, J.G.",
      title          = "{Torsion gravity: A Reappraisal}",
      journal        = "Int.J.Mod.Phys.",
      volume         = "D13",
      pages          = "2193-2240",
      doi            = "10.1142/S0218271804006462",
      year           = "2004",
      eprint         = "gr-qc/0501017",
      archivePrefix  = "arXiv",
      primaryClass   = "gr-qc",
      SLACcitation   = "%%CITATION = GR-QC/0501017;%%",
}

@article{ArkaniHamed:1998nn,
      author         = "Arkani-Hamed, Nima and Dimopoulos, Savas and Dvali, G.R.",
      title          = "{Phenomenology, astrophysics and cosmology of theories
                        with submillimeter dimensions and TeV scale quantum
                        gravity}",
      journal        = "Phys.Rev.",
      volume         = "D59",
      pages          = "086004",
      doi            = "10.1103/PhysRevD.59.086004",
      year           = "1999",
      eprint         = "hep-ph/9807344",
      archivePrefix  = "arXiv",
      primaryClass   = "hep-ph",
      reportNumber   = "SLAC-PUB-7864, SU-ITP-98-142, IC-98-44",
      SLACcitation   = "%%CITATION = HEP-PH/9807344;%%",
}

@article{ArkaniHamed:1998rs,
      author         = "Arkani-Hamed, Nima and Dimopoulos, Savas and Dvali, G.R.",
      title          = "{The Hierarchy problem and new dimensions at a
                        millimeter}",
      journal        = "Phys.Lett.",
      volume         = "B429",
      pages          = "263-272",
      doi            = "10.1016/S0370-2693(98)00466-3",
      year           = "1998",
      eprint         = "hep-ph/9803315",
      archivePrefix  = "arXiv",
      primaryClass   = "hep-ph",
      reportNumber   = "SLAC-PUB-7769, SU-ITP-98-13",
      SLACcitation   = "%%CITATION = HEP-PH/9803315;%%",
}

@article{Gherghetta:2000qt,
      author         = "Gherghetta, Tony and Pomarol, Alex",
      title          = "{Bulk fields and supersymmetry in a slice of AdS}",
      journal        = "Nucl.Phys.",
      volume         = "B586",
      pages          = "141-162",
      doi            = "10.1016/S0550-3213(00)00392-8",
      year           = "2000",
      eprint         = "hep-ph/0003129",
      archivePrefix  = "arXiv",
      primaryClass   = "hep-ph",
      reportNumber   = "CERN-TH-2000-081, UNIL-IPT-00-06",
      SLACcitation   = "%%CITATION = HEP-PH/0003129;%%",
}

@article{Burdman:2007sx,
      author         = "Burdman, Gustavo and Da Rold, Leandro",
      title          = "{Electroweak Symmetry Breaking from a Holographic Fourth
                        Generation}",
      journal        = "JHEP",
      volume         = "0712",
      pages          = "086",
      doi            = "10.1088/1126-6708/2007/12/086",
      year           = "2007",
      eprint         = "0710.0623",
      archivePrefix  = "arXiv",
      primaryClass   = "hep-ph",
      SLACcitation   = "%%CITATION = ARXIV:0710.0623;%%",
}

@article{Davoudiasl:1999tf,
      author         = "Davoudiasl, H. and Hewett, J.L. and Rizzo, T.G.",
      title          = "{Bulk gauge fields in the Randall-Sundrum model}",
      journal        = "Phys.Lett.",
      volume         = "B473",
      pages          = "43-49",
      doi            = "10.1016/S0370-2693(99)01430-6",
      year           = "2000",
      eprint         = "hep-ph/9911262",
      archivePrefix  = "arXiv",
      primaryClass   = "hep-ph",
      reportNumber   = "SLAC-PUB-8298",
      SLACcitation   = "%%CITATION = HEP-PH/9911262;%%",
}

@article{Gherghetta:2006ha,
      author         = "Gherghetta, Tony",
      title          = "{Les Houches lectures on warped models and holography}",
      pages          = "263-311",
      year           = "2006",
      eprint         = "hep-ph/0601213",
      archivePrefix  = "arXiv",
      primaryClass   = "hep-ph",
      reportNumber   = "UMN-TH-2429-06",
      SLACcitation   = "%%CITATION = HEP-PH/0601213;%%",
}

@article{Larson:2010gs,
      author         = "Larson, D. and Dunkley, J. and Hinshaw, G. and Komatsu,
                        E. and Nolta, M.R. and others",
      title          = "{Seven-Year Wilkinson Microwave Anisotropy Probe (WMAP)
                        Observations: Power Spectra and WMAP-Derived Parameters}",
      journal        = "Astrophys.J.Suppl.",
      volume         = "192",
      pages          = "16",
      doi            = "10.1088/0067-0049/192/2/16",
      year           = "2011",
      eprint         = "1001.4635",
      archivePrefix  = "arXiv",
      primaryClass   = "astro-ph.CO",
      SLACcitation   = "%%CITATION = ARXIV:1001.4635;%%",
}

@article{Beringer:1900zz,
      author         = "Beringer, J. and others",
      title          = "{Review of Particle Physics (RPP)}",
      collaboration  = "Particle Data Group",
      journal        = "Phys.Rev.",
      volume         = "D86",
      pages          = "010001",
      doi            = "10.1103/PhysRevD.86.010001",
      year           = "2012",
      SLACcitation   = "%%CITATION = PHRVA,D86,010001;%%",
}

@article{Kostelecky:2007kx,
      author         = "Kostelecky, V. Alan and Russell, Neil and Tasson, Jay",
      title          = "{New Constraints on Torsion from Lorentz Violation}",
      journal        = "Phys.Rev.Lett.",
      volume         = "100",
      pages          = "111102",
      doi            = "10.1103/PhysRevLett.100.111102",
      year           = "2008",
      eprint         = "0712.4393",
      archivePrefix  = "arXiv",
      primaryClass   = "gr-qc",
      reportNumber   = "IUHET-510",
      SLACcitation   = "%%CITATION = ARXIV:0712.4393;%%",
}


@article{Fabbri:2010hz,
      author         = "Fabbri, Luca",
      title          = "{Massless Fermion Mixing for Semispinorial Torsional
                        Interaction}",
      journal        = "Annales Fond.Broglie",
      volume         = "37",
      pages          = "33-40",
      year           = "2012",
      eprint         = "1012.3862",
      archivePrefix  = "arXiv",
      primaryClass   = "hep-th",
      SLACcitation   = "%%CITATION = ARXIV:1012.3862;%%",
}

@article{Capozziello:2012xt,
      author         = "Capozziello, Salvatore and De Laurentis, Mariafelicia and
                        Fabbri, Luca and Vignolo, Stefano",
      title          = "{Gravitationally Generated Interactions}",
      year           = "2012",
      eprint         = "1205.4321",
      archivePrefix  = "arXiv",
      primaryClass   = "gr-qc",
      SLACcitation   = "%%CITATION = ARXIV:1205.4321;%%",
}

@article{Mavromatos:2012cc,
      author         = "Mavromatos, Nick E. and Pilaftsis, Apostolos",
      title          = "{Anomalous Majorana Neutrino Masses from Torsionful
                        Quantum Gravity}",
      journal        = "Phys.Rev.",
      volume         = "D86",
      pages          = "124038",
      doi            = "10.1103/PhysRevD.86.124038",
      year           = "2012",
      eprint         = "1209.6387",
      archivePrefix  = "arXiv",
      primaryClass   = "hep-ph",
      reportNumber   = "KCL-PH-TH-2012-39, LCTS-2012-23, CERN-PH-TH-2012-243,
                        MAN-HEP-2012-15, --MAN-HEP-2012-15",
      SLACcitation   = "%%CITATION = ARXIV:1209.6387;%%",
}

@article{CastilloFelisola:2012fy,
      author         = "Castillo-Felisola, Oscar and Corral, Cristobal and
                        Schmidt, Ivan and Zerwekh, Alfonso",
      title          = "{Phenomenological Constraints to Dimensionality of the
                        Spacetime with Torsion}",
      year           = "2012",
      eprint         = "1211.4359",
      archivePrefix  = "arXiv",
      primaryClass   = "hep-ph",
      SLACcitation   = "%%CITATION = ARXIV:1211.4359;%%",
}

@article{Fabbri:2013gza,
      author         = "Fabbri, Luca",
      title          = "{The Least-Order Torsion-Gravity for Chiral-Spinor
                        Fields; its induced Cosmological-Constant Generation,
                        Immirzi Parameter and Parity}",
      year           = "2013",
      archivePrefix  = "arXiv",
      primaryClass   = "gr-qc",
      SLACcitation   = "%%CITATION = ARXIV:1307.4632;%%",
}

@article{Randall:1999vf,
      author         = "Randall, Lisa and Sundrum, Raman",
      title          = "{An Alternative to compactification}",
      journal        = "Phys.Rev.Lett.",
      volume         = "83",
      pages          = "4690-4693",
      doi            = "10.1103/PhysRevLett.83.4690",
      year           = "1999",
      eprint         = "hep-th/9906064",
      archivePrefix  = "arXiv",
      primaryClass   = "hep-th",
      reportNumber   = "MIT-CTP-2874, PUPT-1867, BUHEP-99-13",
      SLACcitation   = "%%CITATION = HEP-TH/9906064;%%",
}

@article{Antoniadis:1998ig,
      author         = "Antoniadis, Ignatios and Arkani-Hamed, Nima and
                        Dimopoulos, Savas and Dvali, G.R.",
      title          = "{New dimensions at a millimeter to a Fermi and
                        superstrings at a TeV}",
      journal        = "Phys.Lett.",
      volume         = "B436",
      pages          = "257-263",
      doi            = "10.1016/S0370-2693(98)00860-0",
      year           = "1998",
      eprint         = "hep-ph/9804398",
      archivePrefix  = "arXiv",
      primaryClass   = "hep-ph",
      reportNumber   = "SLAC-PUB-7801, SU-ITP-98-28, CPTH-S608-0498, IC-98-39",
      SLACcitation   = "%%CITATION = HEP-PH/9804398;%%",
}

@Article{DeWolfe:1999cp,
     author    = "DeWolfe, O. and Freedman, D. Z. and Gubser, S. S. and
                  Karch, A.",
     title     = "{Modeling the fifth dimension with scalars and gravity}",
     journal   = "Phys. Rev.",
     volume    = "D62",
     year      = "2000",
     pages     = "046008",
     eprint    = "hep-th/9909134",
     archivePrefix = "arXiv",
     doi       = "10.1103/PhysRevD.62.046008",
     SLACcitation  = "%%CITATION = HEP-TH/9909134;%%"
}

@Article{Gremm:1999pj,
     author    = "Gremm, Martin",
     title     = "{Four-dimensional gravity on a thick domain wall}",
     journal   = "Phys. Lett.",
     volume    = "B478",
     year      = "2000",
     pages     = "434-438",
     eprint    = "hep-th/9912060",
     archivePrefix = "arXiv",
     doi       = "10.1016/S0370-2693(00)00303-8",
     SLACcitation  = "%%CITATION = HEP-TH/9912060;%%"
}

@Article{MPS,
     author    = "Melfo, Alejandra and Pantoja, Nelson and Skirzewski,
                  Aureliano",
     title     = "{Thick domain wall spacetimes with and without reflection
                  symmetry}",
     journal   = "Phys. Rev.",
     volume    = "D67",
     year      = "2003",
     pages     = "105003",
     eprint    = "gr-qc/0211081",
     archivePrefix = "arXiv",
     doi       = "10.1103/PhysRevD.67.105003",
     SLACcitation  = "%%CITATION = GR-QC/0211081;%%"
}

@Article{CastilloFelisola:2004eg,
     author    = "Castillo-Felisola, Oscar and Melfo, Alejandra and Pantoja,
                  Nelson and Ramirez, Alba",
     title     = "{Localizing gravity on exotic thick 3-branes}",
     journal   = "Phys. Rev.",
     volume    = "D70",
     year      = "2004",
     pages     = "104029",
     eprint    = "hep-th/0404083",
     archivePrefix = "arXiv",
     doi       = "10.1103/PhysRevD.70.104029",
     SLACcitation  = "%%CITATION = HEP-TH/0404083;%%"
}

@article{Hanneke:2008tm,
      author         = "Hanneke, D. and Fogwell, S. and Gabrielse, G.",
      title          = "{New Measurement of the Electron Magnetic Moment and the
                        Fine Structure Constant}",
      journal        = "Phys.Rev.Lett.",
      volume         = "100",
      pages          = "120801",
      doi            = "10.1103/PhysRevLett.100.120801",
      year           = "2008",
      eprint         = "0801.1134",
      archivePrefix  = "arXiv",
      primaryClass   = "physics.atom-ph",
      SLACcitation   = "%%CITATION = ARXIV:0801.1134;%%",
}

@article{Chatrchyan:2013muj,
      author         = "Chatrchyan, Serguei and others",
      title          = "{Search for contact interactions using the inclusive jet
                        $p_T$ spectrum in $p$p collisions at $\sqrt{s} = 7$ TeV}",
      collaboration  = "CMS Collaboration",
      journal        = "Phys.Rev.",
      volume         = "D87",
      pages          = "052017",
      doi            = "10.1103/PhysRevD.87.052017",
      year           = "2013",
      eprint         = "1301.5023",
      archivePrefix  = "arXiv",
      primaryClass   = "hep-ex",
      reportNumber   = "CMS-EXO-11-010, CERN-PH-EP-2013-002",
      SLACcitation   = "%%CITATION = ARXIV:1301.5023;%%",
}

@article{Wong:2006nx,
      author         = "Wong, H.T. and others",
      title          = "{A Search of Neutrino Magnetic Moments with a High-Purity
                        Germanium Detector at the Kuo-Sheng Nuclear Power
                        Station}",
      collaboration  = "TEXONO Collaboration",
      journal        = "Phys.Rev.",
      volume         = "D75",
      pages          = "012001",
      doi            = "10.1103/PhysRevD.75.012001",
      year           = "2007",
      eprint         = "hep-ex/0605006",
      archivePrefix  = "arXiv",
      primaryClass   = "hep-ex",
      reportNumber   = "AS-TEXONO-06-03",
      SLACcitation   = "%%CITATION = HEP-EX/0605006;%%",
}

@article{Beda:2012zz,
      author         = "Beda, A.G. and Brudanin, V.B. and Egorov, V.G. and
                        Medvedev, D.V. and Pogosov, V.S. and others",
      title          = "{The results of search for the neutrino magnetic moment
                        in GEMMA experiment}",
      journal        = "Adv.High Energy Phys.",
      volume         = "2012",
      pages          = "350150",
      doi            = "10.1155/2012/350150",
      year           = "2012",
      SLACcitation   = "%%CITATION = 00642,2012,350150;%%",
}

@article{Bennett:2004pv,
      author         = "Bennett, G.W. and others",
      title          = "{Measurement of the negative muon anomalous magnetic
                        moment to 0.7 ppm}",
      collaboration  = "Muon g-2 Collaboration",
      journal        = "Phys.Rev.Lett.",
      volume         = "92",
      pages          = "161802",
      doi            = "10.1103/PhysRevLett.92.161802",
      year           = "2004",
      eprint         = "hep-ex/0401008",
      archivePrefix  = "arXiv",
      primaryClass   = "hep-ex",
      SLACcitation   = "%%CITATION = HEP-EX/0401008;%%",
}

@article{Goldberger:1999uk,
      author         = "Goldberger, Walter D. and Wise, Mark B.",
      title          = "{Modulus stabilization with bulk fields}",
      journal        = "Phys.Rev.Lett.",
      volume         = "83",
      pages          = "4922-4925",
      doi            = "10.1103/PhysRevLett.83.4922",
      year           = "1999",
      eprint         = "hep-ph/9907447",
      archivePrefix  = "arXiv",
      primaryClass   = "hep-ph",
      reportNumber   = "CALT-68-2232",
      SLACcitation   = "%%CITATION = HEP-PH/9907447;%%",
}

@article{Lebedev:2002dp,
      author         = "Lebedev, Oleg",
      title          = "{Torsion constraints in the Randall-Sundrum scenario}",
      journal        = "Phys.Rev.",
      volume         = "D65",
      pages          = "124008",
      doi            = "10.1103/PhysRevD.65.124008",
      year           = "2002",
      eprint         = "hep-ph/0201125",
      archivePrefix  = "arXiv",
      primaryClass   = "hep-ph",
      reportNumber   = "SUSX-TH-02-003",
      SLACcitation   = "%%CITATION = HEP-PH/0201125;%%",
}

@article{Flachi:2001bj,
      author         = "Flachi, Antonino and Moss, Ian G. and Toms, David J.",
      title          = "{Quantized bulk fermions in the Randall-Sundrum brane
                        model}",
      journal        = "Phys.Rev.",
      volume         = "D64",
      pages          = "105029",
      doi            = "10.1103/PhysRevD.64.105029",
      year           = "2001",
      eprint         = "hep-th/0106076",
      archivePrefix  = "arXiv",
      primaryClass   = "hep-th",
      SLACcitation   = "%%CITATION = HEP-TH/0106076;%%",
}

@article{Chatrchyan:2012ufa,
      author         = "Chatrchyan, Serguei and others",
      title          = "{Observation of a new boson at a mass of 125 GeV with the
                        CMS experiment at the LHC}",
      collaboration  = "CMS Collaboration",
      journal        = "Phys.Lett.",
      volume         = "B716",
      pages          = "30-61",
      doi            = "10.1016/j.physletb.2012.08.021",
      year           = "2012",
      eprint         = "1207.7235",
      archivePrefix  = "arXiv",
      primaryClass   = "hep-ex",
      reportNumber   = "CMS-HIG-12-028, CERN-PH-EP-2012-220",
      SLACcitation   = "%%CITATION = ARXIV:1207.7235;%%",
}

@article{Aad:2012tfa,
      author         = "Aad, Georges and others",
      title          = "{Observation of a new particle in the search for the
                        Standard Model Higgs boson with the ATLAS detector at the
                        LHC}",
      collaboration  = "ATLAS Collaboration",
      journal        = "Phys.Lett.",
      volume         = "B716",
      pages          = "1-29",
      doi            = "10.1016/j.physletb.2012.08.020",
      year           = "2012",
      eprint         = "1207.7214",
      archivePrefix  = "arXiv",
      primaryClass   = "hep-ex",
      reportNumber   = "CERN-PH-EP-2012-218",
      SLACcitation   = "%%CITATION = ARXIV:1207.7214;%%",
}

@article{Altarelli:2004fq,
      author         = "Altarelli, Guido and Grunewald, Martin W.",
      title          = "{Precision electroweak tests of the standard model}",
      journal        = "Phys.Rept.",
      volume         = "403-404",
      pages          = "189-201",
      doi            = "10.1016/j.physrep.2004.08.013",
      year           = "2004",
      eprint         = "hep-ph/0404165",
      archivePrefix  = "arXiv",
      primaryClass   = "hep-ph",
      reportNumber   = "CERN-PH-TH-2004-067, UCD-EXPH-040401",
      SLACcitation   = "%%CITATION = HEP-PH/0404165;%%",
}

@article{Chang:2000yw,
      author         = "Chang, Lay Nam and Lebedev, Oleg and Loinaz, Will and
                        Takeuchi, Tatsu",
      title          = "{Universal torsion induced interaction from large extra
                        dimensions}",
      journal        = "Phys.Rev.Lett.",
      volume         = "85",
      pages          = "3765-3768",
      doi            = "10.1103/PhysRevLett.85.3765",
      year           = "2000",
      eprint         = "hep-ph/0005236",
      archivePrefix  = "arXiv",
      primaryClass   = "hep-ph",
      reportNumber   = "VPI-IPPAP-00-02",
      SLACcitation   = "%%CITATION = HEP-PH/0005236;%%",
}
